%% This BibTeX bibliography file was created using BibDesk.
%% http://bibdesk.sourceforge.net/


%% Created for Larry Snyder at 2015-04-08 09:18:31 -0400


%% Saved with string encoding Unicode (UTF-8)



%@article{lazic2010variable,
%  title={Variable neighbourhood decomposition search for 0--1 mixed integer programs},
%  author={Lazi{\'c}, Jasmina and Hanafi, Sa{\"\i}d and Mladenovi{\'c}, Nenad and Uro{\v{s}}evi{\'c}, Dragan},
%  journal={Computers $\&$ Operations Research},
%  volume={37},
%  number={6},
%  pages={1055--1067},
%  year={2010},
%  publisher={Elsevier}
%}

@article{Andersen2009aService,
  title={Service network design with management and coordination of multiple fleets},
  author={Andersen, J. and T.G., Crainic and M., Christiansen},
  journal={European Journal of Operational Research},
  volume={193},
  number={2},
  pages={377-389},
  year={2009a},
}
@article{Andersen2009bService,
  title={Service network design with asset management: Formulations and comparative analyses},
  author={Andersen, J. and T.G., Crainic and M., Christiansen},
  journal={Transportation Research Part C Emerging Technologies},
  volume={17},
  number={2},
  pages={197-207},
  year={2009b},
}
@article{Andersen2011Branch,
  title={Branch and price for service network design with asset management constraints},
  author={Andersen, J. and M., Christiansen and T. G., Crainic and R., Nhaug},
  journal={Transportation Science},
  volume={45},
  number={1},
  pages={33-49},
  year={2011},
}
@article{Magnanti1984Network,
  title={Network design and transportation planning: models and algorithms},
  author={Magnanti, T. L. and Wong, R.T.},
  journal={Transportation Science},
  volume={18},
  number={1},
  pages={1-55},
  year={1984},
}
@article{Minoux1989Networks,
  title={Networks synthesis and optimum network design problems: Models, solution methods and applications},
  author={Minoux, M.},
  journal={Networks},
  volume={19},
  number={3},
  pages={313–360},
  year={1989},
}
@article{Crainic2000Service,
  title={Service network design in freight transportation},
  author={Crainic, T.G.},
  journal={European Journal of Operational Research},
  volume={122},
  number={2},
  pages={272-288},
  year={2000},
}
@article{Pedersen2009Models,
  title={Models and tabu search metaheuristics for service network design with asset-balance requirements},
  author={Pedersen, M.B. and T.G., Crainic and  O. B. G., Madsen},
  journal={Transportation Science},
  volume={43},
  number={2},
  pages={158-177},
  year={2009},
}
@article{Smilowitz2002Deferred,
  title={Deferred item and vehicle routing within integrated networks},
  author={Smilowitz, K. R. and A., Atamtürk and C.F., Daganzo},
  Journal = {Transportation Research Part E: Logistics and Transportation Review},
  volume={39},
  number={4},
  pages={305-323},
  year={2002},
}
@article{VuDucToulouse,
   Author = {Minh, V. and T., Crainic and M., Toulouse},
   Title = {A three-stage matheuristic for the capacitated multi-commodity fixed-cost network design with design-balance constraints},
   Journal = {Journal of heuristics},
   volume={19},
  pages={757-795},
   Year = {2013}
}
@article{Teypaz2010A,
  title={A decomposition scheme for large-scale service network design with asset management},
  author={Teypaz, N. and S., Schrenk and V.D., Cung},
  Journal = {Transportation Research Part E: Logistics and Transportation Review},
  volume={46},
  number={1},
  pages={156-170},
  year={2010},
}
@article{Chouman2015Cutting,
  title={Cutting-plane matheuristic for service network design with design-balanced requirements},
  author={Chouman, M. and Crainic, T.G.},
  journal={Transportation Science},
  volume={49},
  number={1},
  pages={99-113},
  year={2015},
}
@book{Achterberg2007Constraint,
  title={Constraint integer programming},
  author={Achterberg, T.},
  publisher={Springer Berlin Heidelberg},
  pages={6-20},
  year={2007},
}

@article{Hewitt2014Service,
  title={Service network design with resource constraints},
  author={Hewitt, M. and M., Toulouse and D.M., Vu and T.G., Crainic},
  journal={Transportation Science},
  year={2014},
}
@book{crainic2003long,
  title={Long-haul freight transportation},
  author={Crainic, T.G.},
  year={2003},
  publisher={Springer}
}
@article{Kim1999Multimodal,
  title={Multimodal express package delivery: a service network design application},
  author={Kim, D. and C.,  Barnhart and K., Ware and G.,  Reinhardt},
  journal={Transportation Science},
  volume={33},
  number={4},
  pages={391-407},
  year={1999},
}
@article{Armacost2000Composite,
  title={Composite variable formulations for express shipment service network design},
  author={Armacost, A.P. and C.,  Barnhart and K.A., Ware},
  journal={Transportation Science},
  volume={36},
  number={1},
  pages={1-20},
  year={2000},
}
@article{Crainic2000A,
  title={A simplex-based tabu search method for capacitated network design},
  author={Crainic, T.G. and M., Gendreau and J.M. Farvolden},
  journal={Informs Journal on Computing},
  volume={12},
  number={3},
  pages={223-236},
  year={2000},
}
@article{Ghamlouche2003Cycle,
  title={Cycle-based neighbourhoods for fixed-charge capacitated multicommodity network design},
  author={Ghamlouche, I. and T.G., Crainic and M., Gendreau},
  journal={Operations Research},
  volume={51},
  number={4},
  pages={655-667},
  year={2003},
}
@article{Li2016Design,
  title={Design-balanced capacitated multicommodity network design with heterogeneous assets},
  author={Li, Xiangyong and Wei, Kai and Aneja, Y. P. and Tian, Peng},
  journal={Omega},
  year={2016},
}
@article{Crainic2016Service,
  title={Service network design with resource constraints},
  author={Crainic, Teodor Gabriel and Hewitt, Mike and Toulouse, Michel and Vu, Duc Minh},
  journal={Transportation Science},
  volume={50},
  number={4},
  year={2016},
}

@article{Ghamlouche2004Path,
  title={Path relinking, cycle-based neighbourhoods and capacitated multicommodity network design},
  author={Ghamlouche, Ilfat and Crainic, Teodor Gabriel and Gendreau, Michel},
  journal={Annals of Operations Research},
  volume={131},
  number={1},
  pages={109-133},
  year={2004},
}
@article{Ahuja1993Network,
  title={Network ﬂow-theory, algorithm, and applications},
  author={Ahuja, RK and Magnanti, TL and Mirchandani, P},
  journal={Prentice-Hall, Englewood Cliffs, NJ},
  year={1993},
}

@article{Chouman2009Commodity,
  title={A cutting-plane algorithm for multicommodity capacitated ﬁxed charge network design},
  author={Chouman, Mervat and Crainic, Teodor Gabriel and Gendron, Bernard},
   journal={Technical report, Center for Research on Transportation, Université de Montréal, Montréal},
  year={2009},
}

@article{Chouman2011Commodity,
  title={Commodity representations and cut-set-based inequalities for multicommodity capacitated fixed-charge network design},
  author={Chouman, Mervat and Crainic, Teodor Gabriel and Gendron, Bernard},
   journal={Technical report CIRRELT-2011-56, Centre Interuniversitaire de Recherche sur Les Réseaux d’Entreprise, La Logistique et Les Transports, Université de Montréal, Montréal},
  year={2011},
}

@book{Gendron1999Multicommodity,
  title={Multicommodity capacitated network design},
  author={Gendron, Bernard and Crainic, Teodor Gabriel and Frangioni, Antonio},
  publisher={Springer US},
  pages={1-19},
  year={1999},
}
@article{Gendron1994RELAXATIONS,
  title={Relaxations for multicommodity capacitated network design problems},
  author={Gendron, Bernard and Crainic, Teodor Gabriel},
   journal={Technical report, Publication CRT-945, Centre de Recherche sur Les Transports, Université de Montréal, Montréal},
  year={1994},
}

@article{Chouman2016Commodity,
  title={Commodity representations and cut-set-based inequalities for multicommodity capacitated ﬁxed-charge network design},
  author={Chouman, Mervat and Crainic, Teodor Gabriel and Gendron, Bernard},
  journal={Transportation Science},
  pages={https://doi.org/10.1287/trsc.2015.0665},
  year={2016},
}
